@misc{Phinney_theorem,
	title={A Practical Theorem on Gravitational Wave Backgrounds},
	author={E. S. Phinney},
	year={2001},
	eprint={astro-ph/0108028},
	archivePrefix={arXiv},
	primaryClass={astro-ph}
}

@article{cosmo_4_astro,
	title={$\Lambda$CDM Cosmology for Astronomers},
	volume={130},
	ISSN={1538-3873},
	url={http://dx.doi.org/10.1088/1538-3873/aac1b2},
	DOI={10.1088/1538-3873/aac1b2},
	number={989},
	journal={Publications of the Astronomical Society of the Pacific},
	publisher={IOP Publishing},
	author={Condon, J. J. and Matthews, A. M.},
	year={2018},
	month={Jun},
	pages={073001}
}

@article{O1_stoch,
	title = {Upper Limits on the Stochastic Gravitational-Wave Background from Advanced LIGO's First Observing Run},
	author = {Abbott et al., B. P. },
	collaboration = {LIGO Scientific Collaboration and Virgo Collaboration},
	journal = {Phys. Rev. Lett.},
	volume = {118},
	issue = {12},
	pages = {121101},
	numpages = {12},
	year = {2017},
	month = {Mar},
	publisher = {American Physical Society},
	doi = {10.1103/PhysRevLett.118.121101},
	url = {https://link.aps.org/doi/10.1103/PhysRevLett.118.121101}
}


@article{O2_stoch,
	title = {Search for the isotropic stochastic background using data from Advanced LIGO's second observing run},
	author = {Abbott et al., B. P. },
	collaboration = {LIGO Scientific and Virgo Collaboration},
	journal = {Phys. Rev. D},
	volume = {100},
	issue = {6},
	pages = {061101},
	numpages = {16},
	year = {2019},
	month = {Sep},
	publisher = {American Physical Society},
	doi = {10.1103/PhysRevD.100.061101},
	url = {https://link.aps.org/doi/10.1103/PhysRevD.100.061101}
}

@article{O2_rates,
	title={Binary Black Hole Population Properties Inferred from the First and Second Observing Runs of Advanced LIGO and Advanced Virgo},
	volume={882},
	ISSN={2041-8213},
	url={http://dx.doi.org/10.3847/2041-8213/ab3800},
	DOI={10.3847/2041-8213/ab3800},
	number={2},
	journal={The Astrophysical Journal},
	publisher={American Astronomical Society},
	author={Abbott, B. P. and Abbott, R. and Abbott, T. D. and Abraham, S. and Acernese, F. and Ackley, K. and Adams, C. and Adhikari, R. X. and Adya, V. B. and Affeldt, C. and et al.},
	year={2019},
	month={Sep},
	pages={L24}
}

@article{picky_partners,
	title={Picky Partners: The Pairing of Component Masses in Binary Black Hole Mergers},
	volume={891},
	ISSN={2041-8213},
	url={http://dx.doi.org/10.3847/2041-8213/ab7247},
	DOI={10.3847/2041-8213/ab7247},
	number={1},
	journal={The Astrophysical Journal},
	publisher={American Astronomical Society},
	author={Fishbach, Maya and Holz, Daniel E.},
	year={2020},
	month={Mar},
	pages={L27}
}

% --- how olbers is solved ---%
% https://ui.adsabs.harvard.edu/abs/1991ApJ...367..399W/abstract
% https://ui.adsabs.harvard.edu/abs/1987ApJ...317..601W/abstract